@Article{robinson2010tmm,
	Author="Robinson, M. D.  and Oshlack, A. ",
	Title="{{A} scaling normalization method for differential expression analysis of {R}{N}{A}-seq data}",
	Journal="Genome Biol.",
	Year="2010",
	Volume="11",
	Number="3",
	Pages="R25"
}

@Article{brennecke2013accounting,
	Author="Brennecke, P.  and Anders, S.  and Kim, J. K.  and Ko?odziejczyk, A. A.  and Zhang, X.  and Proserpio, V.  and Baying, B.  and Benes, V.  and Teichmann, S. A.  and Marioni, J. C.  and Heisler, M. G. ",
	Title="{{A}ccounting for technical noise in single-cell {R}{N}{A}-seq experiments}",
	Journal="Nat. Methods",
	Year="2013",
	Volume="10",
	Number="11",
	Pages="1093--1095",
	Month="Nov"
}

@Article{robinson2010edgeR,
	Author="Robinson, M. D.  and McCarthy, D. J.  and Smyth, G. K. ",
	Title="{edge{R}: a {B}ioconductor package for differential expression analysis of digital gene expression data}",
	Journal="Bioinformatics",
	Year="2010",
	Volume="26",
	Number="1",
	Pages="139--140",
	Month="Jan"
}

@Article{anders2010differential,
	Author="Anders, S.  and Huber, W. ",
	Title="{{D}ifferential expression analysis for sequence count data}",
	Journal="Genome Biol.",
	Year="2010",
	Volume="11",
	Number="10",
	Pages="R106"
}

@Article{trapnell2014dynamics,
	Author="Trapnell, C.  and Cacchiarelli, D.  and Grimsby, J.  and Pokharel, P.  and Li, S.  and Morse, M.  and Lennon, N. J.  and Livak, K. J.  and Mikkelsen, T. S.  and Rinn, J. L. ",
	Title="{{T}he dynamics and regulators of cell fate decisions are revealed by pseudotemporal ordering of single cells}",
	Journal="Nat. Biotechnol.",
	Year="2014",
	Volume="32",
	Number="4",
	Pages="381--386",
	Month="Apr"
}

@Article{katayama2013samstrt,
	Author="Katayama, S.  and Tohonen, V.  and Linnarsson, S.  and Kere, J. ",
	Title="{{S}{A}{M}strt: statistical test for differential expression in single-cell transcriptome with spike-in normalization}",
	Journal="Bioinformatics",
	Year="2013",
	Volume="29",
	Number="22",
	Pages="2943--2945",
	Month="Nov"
}

@article{van2008visualizing,
	title={Visualizing data using t-{S}{N}{E}},
	author={Van der Maaten, L. and Hinton, G.},
	journal={J. Mach. Learn. Res.},
	volume={9},
	number={2579-2605},
	pages={85},
	year={2008}
}

@Article{stegle2015computational,
	Author="Stegle, O.  and Teichmann, S. A.  and Marioni, J. C. ",
	Title="{{C}omputational and analytical challenges in single-cell transcriptomics}",
	Journal="Nat. Rev. Genet.",
	Year="2015",
	Volume="16",
	Number="3",
	Pages="133--145",
	Month="Mar"
}

@Article{shapiro2013singlecell,
	Author="Shapiro, E.  and Biezuner, T.  and Linnarsson, S. ",
	Title="{{S}ingle-cell sequencing-based technologies will revolutionize whole-organism science}",
	Journal="Nat. Rev. Genet.",
	Year="2013",
	Volume="14",
	Number="9",
	Pages="618--630",
	Month="Sep"
}

@Article{marinov2014singlecell,
	Author="Marinov, G. K.  and Williams, B. A.  and McCue, K.  and Schroth, G. P.  and Gertz, J.  and Myers, R. M.  and Wold, B. J. ",
	Title="{{F}rom single-cell to cell-pool transcriptomes: stochasticity in gene expression and {R}{N}{A} splicing}",
	Journal="Genome Res.",
	Year="2014",
	Volume="24",
	Number="3",
	Pages="496--510",
	Month="Mar"
}

@article{julia2015sincell,
	title={Sincell: Bioconductor package for the statistical assessment of cell-state hierarchies from single-cell RNA-seq data},
	author={Juli{\'a}, M. and Telenti, A. and Rausell, A.},
	journal={bioRxiv},
	pages={014472},
	year={2015},
	publisher={Cold Spring Harbor Labs Journals}
}

@Article{islam2014quantitative,
	Author="Islam, S.  and Zeisel, A.  and Joost, S.  and La Manno, G.  and Zajac, P.  and Kasper, M.  and Lonnerberg, P.  and Linnarsson, S. ",
	Title="{{Q}uantitative single-cell {R}{N}{A}-seq with unique molecular identifiers}",
	Journal="Nat. Methods",
	Year="2014",
	Volume="11",
	Number="2",
	Pages="163--166",
	Month="Feb"
}

@Article{risso2014normalization,
	Author="Risso, D.  and Ngai, J.  and Speed, T. P.  and Dudoit, S. ",
	Title="{{N}ormalization of {R}{N}{A}-seq data using factor analysis of control genes or samples}",
	Journal="Nat. Biotechnol.",
	Year="2014",
	Volume="32",
	Number="9",
	Pages="896--902",
	Month="Sep"
}

@Article{mccarthy2012differential,
    Author="McCarthy, D. J.  and Chen, Y.  and Smyth, G. K. ",
    Title="{{D}ifferential expression analysis of multifactor {R}{N}{A}-{S}eq experiments with respect to biological variation}",
    Journal="Nucleic Acids Res.",
    Year="2012",
    Volume="40",
    Number="10",
    Pages="4288--4297",
    Month="May"
}

@Article{robinson2008small,
    Author="Robinson, M. D.  and Smyth, G. K. ",
    Title="{{S}mall-sample estimation of negative binomial dispersion, with applications to {S}{A}{G}{E} data}",
    Journal="Biostatistics",
    Year="2008",
    Volume="9",
    Number="2",
    Pages="321--332",
    Month="Apr"
}

@Article{lund2012detecting,
    Author="Lund, S. P.  and Nettleton, D.  and McCarthy, D. J.  and Smyth, G. K. ",
    Title="{{D}etecting differential expression in {R}{N}{A}-sequence data using quasi-likelihood with shrunken dispersion estimates}",
    Journal="Stat Appl Genet Mol Biol",
    Year="2012",
    Volume="11",
    Number="5",
    Pages=" "
}
